@inproceedings{allan2005harmonising,
  title={Harmonising chorales by probabilistic inference},
  author={Allan, Moray and Williams, Christopher K. I.},
  booktitle={Advances in Neural Information Processing Systems},
  volume={17},
  year={2005}
}

@article{huang2018music,
  title={Music Transformer: Generating music with long-term structure},
  author={Huang, Cheng-Zhi Anna and Vaswani, Ashish and Uszkoreit, Jakob and Simon, Ian and Hawthorne, Curtis and Shazeer, Noam and Dai, Andrew M. and Hoffman, Matthew D. and Dinculescu, Monica and Eck, Douglas},
  journal={arXiv preprint arXiv:1809.04281},
  year={2018}
}

@misc{mubert,
  title={Mubert},
  howpublished={\url{https://mubert.com}},
  note={Accessed: 2025-01-26}
}

@misc{staccato,
  title={Staccato AI},
  howpublished={\url{https://staccato.ai/}},
  note={Accessed: 2025-01-26}
}

@misc{aiva,
  title={AIVA AI},
  howpublished={\url{https://www.aiva.ai/}},
  note={Accessed: 2025-01-26}
}

@misc{beatoven,
  title={Beethoven AI},
  howpublished={\url{https://www.beatoven.ai/}},
  note={Accessed: 2025-01-26}
} 